<?xml version="1.0" encoding="UTF-8"?><collection xmlns="http://www.loc.gov/MARC21/slim"><record><leader>00421nam--2200133-i-4500</leader><controlfield tag="001">000042278</controlfield><controlfield tag="002">20161230</controlfield><controlfield tag="005">20161230201043</controlfield><controlfield tag="008">060222s1000------------r-----000-0-eng-d</controlfield><datafield ind1=" " ind2=" " tag="080"><subfield code="a">621.375.8</subfield></datafield><datafield ind1=" " ind2=" " tag="100"><subfield code="a">Sorensen,E.V</subfield></datafield><datafield ind1=" " ind2=" " tag="245"><subfield code="a">Analysis of a non-ideal traveling-wave parametric amplifier and proposal for a gainequalizing technique</subfield></datafield><datafield ind1=" " ind2=" " tag="260"><subfield code="a">Copenhagen, Danish Acad.Of Techn.Sci.,1961. 21 P. + 12 Fig</subfield></datafield><datafield ind1=" " ind2=" " tag="852"><subfield code="a">16795</subfield></datafield></record></collection>